@article{1,
author={Asmaa Elbadrawy, George Karypis},
title={User-Specific Feature-Based Similarity Models for Top-n
Recommendation of New Items},
journal={ACM Transactions on Intelligent Systems and Technology },
issue_date={20.05.2015},
volume={6},
number={3},
year={May 2015},
pages={20},
publisher={ACM},
address={New York, NY, USA}
}

@article{2,
author={Isabelle Guyon, Andr√© Elisseeff},
title={An introduction to variable and feature selection},
journal={The Journal of Machine Learning Research},
issue_date={03.01.2003},
volume={3},
number={},
year={1.3.2003},
pages={1157-1182},
publisher={JMLR.org}
}

@article{3,
author={Marius Kaminskas, Derek Bridge},
title={Diversity, Serendipity, Novelty, and Coverage: A Survey and 
Empirical Analysis of Beyond-Accuracy Objectives in Recommender Systems},
journal={ACM Transactions on Interactive Intelligent Systems (TiiS)},
issue_date={23.03.2017},
volume={4},
number={1},
year={March 2017},
pages={Article No. 2},
publisher={ACM},
address={New York, NY, USA}
}

@article{4,
author={Dunja Mladenic},
title={Text-Learning and Related Intelligent Agents: A Survey},
journal={IEEE Intelligent Systems},
issue_date={01.07.1999},
volume={14},
number={4},
year={July 1999},
pages={44-54},
publisher={IEEE Educational Activities},
address={Department Piscataway, NJ, USA}
}

@article{5,
author={Steffen Rendle},
title={Factorization Machines with libFM},
journal={ACM Transactions on Intelligent Systems and Technology},
issue_date={01.05.2012},
volume={3},
number={3},
year={May 2012},
pages={Article No. 357},
publisher={ACM},
address={New York, NY, USA}
}T